<?xml version="1.0" encoding="UTF-8"?><collection xmlns="http://www.loc.gov/MARC21/slim"><record><leader>00385nam--2200133-i-4500</leader><controlfield tag="001">000000171</controlfield><controlfield tag="002">20161230</controlfield><controlfield tag="005">20161230201023</controlfield><controlfield tag="008">060222s1000------------r-----000-0-eng-d</controlfield><datafield ind1=" " ind2=" " tag="080"><subfield code="a">669.017.1:015:546.3-19</subfield></datafield><datafield ind1=" " ind2=" " tag="100"><subfield code="a">Floquet, Jacques</subfield></datafield><datafield ind1=" " ind2=" " tag="245"><subfield code="a">Alliage dilues de mn,ce,yb observes par orientation nucleaire.these</subfield></datafield><datafield ind1=" " ind2=" " tag="260"><subfield code="a">Orsay, Centre D`Orsay.  75 P. + 3 Figures</subfield></datafield><datafield ind1=" " ind2=" " tag="852"><subfield code="a">38074</subfield></datafield></record></collection>